@article{funk2003100,
  title={100 Uses for an Herbarium: well at least 72},
  author={Funk, Vicki Ann},
  journal={American Society of Plant Taxonomists Newsletter},
  year={2003}
}

@article{pyke2010biological,
  title={Biological collections and ecological/environmental research: a review, some observations and a look to the future},
  author={Pyke, Graham H and Ehrlich, Paul R},
  journal={Biological reviews},
  volume={85},
  number={2},
  pages={247--266},
  year={2010},
  doi={https://doi.org/10.1111/j.1469-185X.2009.00098.x},
  publisher={Wiley Online Library}
}

@misc{ronsted2020integrative,
  title={Integrative and translational uses of herbarium collections across time, space, and species},
  author={R{\o}nsted, Nina and Grace, Olwen M and Carine, Mark A},
  journal={Frontiers in Plant Science},
  volume={11},
  pages={1319},
  year={2020},
  doi={https://doi.org/10.3389/fpls.2020.01319},
  publisher={Frontiers Media SA}
}

@article{brewer2019factors,
  title={Factors affecting targeted sequencing of 353 nuclear genes from herbarium specimens spanning the diversity of angiosperms},
  author={Brewer, Grace E and Clarkson, James J and Maurin, Olivier and Zuntini, Alexandre R and Barber, Vanessa and Bellot, Sidonie and Biggs, Nicola and Cowan, Robyn S and Davies, Nina MJ and Dodsworth, Steven and others},
  journal={Frontiers in plant science},
  volume={10},
  pages={1102},
  year={2019},
  doi={https://doi.org/10.3389/fpls.2019.01102},
  publisher={Frontiers Media SA}
}

@article{james2018herbarium,
  title={Herbarium data: Global biodiversity and societal botanical needs for novel research},
  author={James, Shelley A and Soltis, Pamela S and Belbin, Lee and Chapman, Arthur D and Nelson, Gil and Paul, Deborah L and Collins, Matthew},
  journal={Applications in plant sciences},
  volume={6},
  number={2},
  pages={e1024},
  year={2018},
  doi={https://doi/10.1002/aps3.1024}
  publisher={Wiley Online Library}
}

@article{greve2016realising,
  title={Realising the potential of herbarium records for conservation biology},
  author={Greve, Michelle and Lykke, Anne Mette and Fagg, Christopher W and Gereau, Roy E and Lewis, Gwilym P and Marchant, Rob and Marshall, Andrew R and Ndayishimiye, Jo{\"e}l and Bogaert, Jan and Svenning, J-C},
  journal={South African Journal of Botany},
  volume={105},
  pages={317--323},
  year={2016},
  doi={https://doi.org/10.1016/j.sajb.2016.03.017},
  publisher={Elsevier}
}

@article{marsico2020small,
  title={Small herbaria contribute unique biogeographic records to county, locality, and temporal scales},
  author={Marsico, Travis D and Krimmel, Erica R and Carter, J Richard and Gillespie, Emily L and Lowe, Phillip D and McCauley, Ross and Morris, Ashley B and Nelson, Gil and Smith, Michelle and Soteropoulos, Diana L and others},
  journal={American journal of botany},
  volume={107},
  number={11},
  pages={1577--1587},
  year={2020},
  doi={vhttps://doi.org/10.1002/ajb2.1563},
  publisher={Wiley Online Library}
}

@article{prather2004decline,
  title={The decline of plant collecting in the United States: a threat to the infrastructure of biodiversity studies},
  author={Prather, L Alan and Alvarez-Fuentes, Orlando and Mayfield, Mark H and Ferguson, Carolyn J},
  journal={Systematic Botany},
  volume={29},
  number={1},
  pages={15--28},
  year={2004},
  doi={https://doi.org/10.1600/036364404772974185},
  publisher={American Society of Plant Taxonomists}
}


@article{prather2004implications,
  title={Implications of the decline in plant collecting for systematic and floristic research},
  author={Prather, L Alan and Alvarez-Fuentes, Orlando and Mayfield, Mark H and Ferguson, Carolyn J},
  journal={Systematic Botany},
  volume={29},
  number={1},
  pages={216--220},
  year={2004},
  publisher={JSTOR}
}

@article{funk2014erosion,
  title={The erosion of collections-based science: alarming trend or coincidence},
  author={Funk, Vicki A},
  journal={The Plant Press},
  volume={17},
  number={4},
  pages={1--13},
  year={2014}
}

@article{tosa2021rapid,
  title={The rapid rise of next-generation natural history},
  author={Tosa, Marie I and Dziedzic, Emily H and Appel, Cara L and Urbina, Jenny and Massey, Aimee and Ruprecht, Joel and Eriksson, Charlotte E and Dolliver, Jane E and Lesmeister, Damon B and Betts, Matthew G and others},
  journal={Frontiers in Ecology and Evolution},
  volume={9},
  pages={698131},
  year={2021},
  doi={https://doi.org/10.3389/fevo.2021.698131},
  publisher={Frontiers Media SA}
}

@misc{thiers2021herbaria,
  title={The World's Herbaria 2021: A Summary Report Based on data from Index Herbarium},
  author={Thiers, Barbara M.},
  year={2021},
  url={https://sweetgum.nybg.org/science/wp-content/uploads/2022/02/The_Worlds_Herbaria_Jan_2022.pdf}, 
  publisher={The New York Botanic Garden}
}

@article{daru2018widespread,
  title={Widespread sampling biases in herbaria revealed from large-scale digitization},
  author={Daru, Barnabas H and Park, Daniel S and Primack, Richard B and Willis, Charles G and Barrington, David S and Whitfeld, Timothy JS and Seidler, Tristram G and Sweeney, Patrick W and Foster, David R and Ellison, Aaron M and others},
  journal={New Phytologist},
  volume={217},
  number={2},
  pages={939--955},
  year={2018},
  doi={https://doi.org/10.1111/nph.14855},
  publisher={Wiley Online Library}
}

@article{mishler2020spatial,
  title={Spatial phylogenetics of the North American flora},
  author={Mishler, Brent D and Guralnick, Robert and Soltis, Pamela S and Smith, Stephen A and Soltis, Douglas E and Barve, Narayani and Allen, Julie M and Laffan, Shawn W},
  journal={Journal of Systematics and Evolution},
  volume={58},
  number={4},
  pages={393--405},
  year={2020},
  doi={https://doi.org/10.1111/jse.12590},
  publisher={Wiley Online Library}
}

@misc{welsh2001rupert,
  title={Rupert C. Barneby (1911-2000)},
  author={Welsh, Stanley L},
  journal={Taxon},
  volume={50},
  number={1},
  year={2001},
  doi={https://doi.org/10.1002/j.1996-8175.2001.tb05618.x},
  publisher={Wiley Online Library}
}


@article{borges2020schrodinger,
  title={Schrodinger's phenotypes: Herbarium specimens show two-dimensional images are both good and (not so) bad sources of morphological data},
  author={Borges, Leonardo M and Reis, Victor Candido and Izbicki, Rafael},
  journal={Methods in Ecology and Evolution},
  volume={11},
  number={10},
  pages={1296--1308},
  year={2020},
  doi={https://doi.org/10.1111/2041-210X.13450},
  publisher={Wiley Online Library}
}

@article{govaerts2021world,
  title={The World Checklist of Vascular Plants, a continuously updated resource for exploring global plant diversity},
  author={Govaerts, Rafa{\"e}l and Nic Lughadha, Eimear and Black, Nicholas and Turner, Robert and Paton, Alan},
  journal={Scientific data},
  volume={8},
  number={1},
  pages={215},
  year={2021},
  doi={https://doi.org/10.1038/s41597-021-00997-6},
  publisher={Nature Publishing Group UK London}
}

@article{snethlage2022hierarchical,
  title={A hierarchical inventory of the worldâ€™s mountains for global comparative mountain science},
  author={Snethlage, Mark A and Geschke, Jonas and Ranipeta, Ajay and Jetz, Walter and Yoccoz, Nigel G and K{\"o}rner, Christian and Spehn, Eva M and Fischer, Markus and Urbach, Davnah},
  journal={Scientific data},
  volume={9},
  number={1},
  pages={149},
  year={2022},
  doi={https://doi.org/10.1038/s41597-022-01256-y},
  publisher={Nature Publishing Group UK London}
}

@Manual{walker2022tigris,
  title = {tigris: Load Census TIGER/Line Shapefiles},
  author = {Kyle Walker},
  year = {2024},
  note = {R package version 2.1},
  url = {https://CRAN.R-project.org/package=tigris},
  doi = {10.32614/CRAN.package.tigris},
}

@misc{usgs2024padus,
  title = {Protected Areas Database of the United States (PAD-US) 4.0},
  author = {U.S. Geological Survey (USGS) Gap Analysis Project (GAP)},
  howpublished = "\url{https://doi.org/10.5066/P96WBCHS}",
  year = "2024", 
  note = 
}

@misc{ipni2024,
  title = "International Plant Names Index",
  author = {The Royal Botanic Gardens, Kew, Harvard University Herbaria & Libraries and Australian National Herbarium},
  howpublished =  "\url{http://www.ipni.org}",
  year = "2024", 
  url={https://www.ipni.org/}
}

@misc{gnis2024,
  title = "Geographic Names Information System (GNIS) - USGS National Map Downloadable Data Collection: U.S. Geological Survey.",
  author = "U.S. Geological Survey",
  howpublished ="\url{https://www.usgs.gov/us-board-on-geographic-names/domestic-names}",
  year = "2023"
  url={https://www.usgs.gov/tools/geographic-names-information-system-gnis}
}

@misc{powo2024,
  title = "Plants of the World Online",
  author = "POWO",
  howpublished ="\url{Plants of the World Online/}",
  url={https://powo.science.kew.org/},
  notes = "Facilitated by the Royal Botanic Gardens, Kew",
  year = "2024"
}

@book{holmgren2017,
  title     = "Intermountain Flora V. 7",
  author    = "Holmgren, N and Holmgren, P",
  year      = 1988,
  publisher = "The New York Botanical Garden Press",
  address   = "New York"
}

@article{nanglu2023nature,
  title={The nature of science: The fundamental role of natural history in ecology, evolution, conservation, and education},
  author={Nanglu, Karma and de Carle, Danielle and Cullen, Thomas M and Anderson, Erika B and Arif, Suchinta and Casta{\~n}eda, Rowshyra A and Chang, Lucy M and Iwama, Rafael Eiji and Fellin, Erica and Manglicmot, Regine Claire and others},
  journal={Ecology and Evolution},
  volume={13},
  number={10},
  pages={e10621},
  year={2023},
  doi={https://doi.org/10.1002/ece3.10621},
  publisher={Wiley Online Library}
}

@article{woodland2007botanists,
  title={Are botanists becoming the dinosaurs of biology in the 21st century?},
  author={Woodland, Dennis W},
  journal={South African Journal of Botany},
  volume={73},
  number={3},
  pages={343--346},
  year={2007},
  doi={https://doi.org/10.1016/j.sajb.2007.03.005},
  publisher={Elsevier}
}

@article{barrows2016crossroads,
  title={At a crossroads: The nature of natural history in the twenty-first century},
  author={Barrows, Cameron W and Murphy-Mariscal, Michelle L and Hernandez, Rebecca R},
  journal={BioScience},
  volume={66},
  number={7},
  pages={592--599},
  year={2016},
  publisher={Oxford University Press}
}


@book{forman1989herbarium,
  title={The herbarium handbook},
  author={Forman, Leonard and Bridson, Diane},
  year={1989},
  doi={https://doi.org/10.1093/biosci/biw043},
  publisher={Royal Botanic Gardens Kew}
}

@article{davis2023herbarium,
  title={The herbarium of the future},
  author={Davis, Charles C},
  journal={Trends in Ecology \& Evolution},
  volume={38},
  number={5},
  pages={412--423},
  year={2023},
  doi={https://doi.org/10.1016/j.tree.2022.11.015},
  publisher={Elsevier}
}

@book{hitchcock2018flora,
  title={Flora of the Pacific Northwest: an illustrated manual},
  author={Hitchcock, C Leo and Cronquist, Arthur},
  year={2018},
  publisher={University of Washington Press}
}

@article{manzano2021fair,
  title={How FAIR are plant sciences in the twenty-first century? The pressing need for reproducibility in plant ecology and evolution},
  author={Manzano, Sa{\'u}l and Julier, Adele CM},
  journal={Proceedings of the Royal Society B},
  volume={288},
  number={1944},
  pages={20202597},
  year={2021},
  publisher={The Royal Society}
}

@article{patten2024geographic,
  title={Geographic And Taxonomic Occurrence R-based Scrubbing (gatoRs): An R package and workflow for processing biodiversity data},
  author={Patten, Natalie N and Gaynor, Michelle L and Soltis, Douglas E and Soltis, Pamela S},
  journal={Applications in Plant Sciences},
  volume={12},
  number={2},
  pages={e11575},
  year={2024},
  doi={https://doi.org/10.1098/rspb.2020.2597},
  publisher={Wiley Online Library}
}

@article{gries2014symbiota,
  title={Symbiota--A virtual platform for creating voucher-based biodiversity information communities},
  author={Gries, Corinna and Gilbert, Mr Edward E and Franz, Nico M},
  journal={Biodiversity data journal},
  number={2},
  year={2014},
  doi={https://doi.org/10.3897/BDJ.2.e1114},
  publisher={Pensoft Publishers}
}

@misc{perkins2020Plabel,
  title={Plabel},
  author={Perkins, Kent},
  year={2020},
  url={https://www.floridamuseum.ufl.edu/herbarium/methods/plabel/}
}
